@misc{pixabay2018pcb,
  title={Bild Leiterplatte},
  author={Pixabay},
  year={2018},
  url="https://pixabay.com/photos/pcb-printed-circuit-board-ic-3374102/",
  note="aufgerufen am 20.11.2022",
}

@misc{lipsum2022lorem,
  title={{Lorem Ipsum}},
  author={{Lipsum}},
  year={2022},
  url="https://www.lipsum.com/",
  note="aufgerufen am 16.12.2022"
}

@misc{embedded2019marketsstudy,
  title={{2019 embedded markets study}},
  author={{AspenCore, EETimes, embedded}},
  year={2019},
  url="https://www.embedded.com/wp-content/uploads/2019/11/EETimes_Embedded_2019_Embedded_Markets_Study.pdf",
  note="aufgerufen am 12.08.2022"
}

@misc{wikipedia2023mikrofon,
  title={{Tauchspulenmikrofon}},
  author={{Wikipedia}},
  year={2023},
  url="https://de.wikipedia.org/wiki/Mikrofon",
  note="aufgerufen am 10.02.2023",
}

@misc{wikipedia2023laufzeitmessung,
  title={{Laufzeitmessung}},
  author={{Wikipedia}},
  year={2023},
  url="https://de.wikipedia.org/wiki/Laufzeitmessung",
  note="aufgerufen am 10.02.2023",
}
