@misc{wikipedia2021doppler_effect,
  title={Doppler Effect},
  author={Wikipedia},
  year={2021},
  url="https://en.wikipedia.org/wiki/Doppler_effect",
  note="aufgerufen am 13.05.2021",
}

@misc{lipsum2022lorem,
  title={{Lorem Ipsum}},
  author={{Lipsum}},
  year={2022},
  url="https://www.lipsum.com/",
  note="aufgerufen am 23.12.2022",
}

@misc{pixabay2022pcb,
  title={{Printed Circuit Board}},
  author={{Pixabay}},
  year={2017},
  url="https://pixabay.com/photos/cyber-security-network-internet-2377718/",
  note="aufgerufen am 23.12.2022",
}
